%% This BibTeX bibliography file was created using BibDesk.
%% http://bibdesk.sourceforge.net/


%% Created for CZE at 2014-12-08 11:46:32 +0800 


%% Saved with string encoding Unicode (UTF-8) 



@article{shang2012internet,
	title={Internet of Things IoT Service Architecture and its Application in E-Commerce},
	author={Shang, Xiaopu and Zhang, Runtong and Chen, Ying},
	journal={Journal of Electronic Commerce in Organizations},
	volume={10},
	number={3},
	pages={44--55},
	year={2012}}


@article{yang2018iot,
	title={IoT Smart Home Adoption: The Importance of Proper Level Automation},
	author={Yang, Heetae and Lee, Wonji and Lee, Hwansoo},
	journal={Journal of Sensors},
	volume={2018},
	pages={1--11},
	year={2018}}

