%% This BibTeX bibliography file was created using BibDesk.
%% http://bibdesk.sourceforge.net/


%% Created for CZE at 2015-04-07 11:28:26 +0800 


%% Saved with string encoding Unicode (UTF-8) 



@article{IOT,
	Author = {Xiaopu Shang and Runtong Zhang and Ying Chen},
	Date-Added = {2014-12-08 03:46:06 +0000},
	Date-Modified = {2014-12-08 03:46:06 +0000},
	Issn = {1089-778X},
	Journal = {Journal of Electronic Commerce in Organizations (JECO) },
	Keywords = {},
	Title = {Internet of Things (IoT) Service Architecture and its Application in E-Commerce},
	Pages={1-12},
	Type = {Journal Article},
	Year = {2012}}

@article{lolz,
	Author = {David Bregman },
	Date-Added = {2014-12-08 03:46:06 +0000},
	Date-Modified = {2014-12-08 03:46:06 +0000},
	Issn = {1089-778X},
	Journal = {International Journal of Smart Home},
	Keywords = {},
	Title = {Smart Home Intelligence - The eHome that Learns },
	Pages={35-44},
	Type = {Journal Article},
	Year = {2010}}

@article{haha,
	Author = {Aleksandar Georgiev and Stephan Schl√∂gl},
	Date-Added = {2014-12-08 03:46:06 +0000},
	Date-Modified = {2014-12-08 03:46:06 +0000},
	Issn = {1089-778X},
	Journal = {},
	Keywords = {},
	Title = {Smart Home Technology: An Exploration of End User Perceptions},
	Pages={64-75},
	Type = {Journal Article},
	Year = {2018}}

@article{yaya,
	Author = {Sarah J. Darby},
	Date-Added = {2014-12-08 03:46:06 +0000},
	Date-Modified = {2014-12-08 03:46:06 +0000},
	Issn = {1089-778X},
	Journal = {},
	Keywords = {},
	Title = {Smart technology in the home: time for more clarity},
	Pages={},
	Type = {Commentary},
	Year = {2017}}

@article{SmartHouse,
	Author = {Heetae Yang and Wonji Lee and Hwansoo Lee},
	Date-Added = {2014-12-08 03:46:06 +0000},
	Date-Modified = {2014-12-08 03:46:06 +0000},
	Issn = {1089-778X},
	Journal = {Journal of Sensors},
	Keywords = {},
	Title = {IoT Smart Home Adoption: The Importance of Proper Level Automation},
	Pages={2-11},
	Type = {Journal Article},
	Year = {2018}}

@misc{arduino,
	author = {},
	title = {{Introduction} What is Arduino?},
	year = {2019},
	url = { https://www.arduino.cc/en/Guide/Introduction},
	urldate = {2019-03-25}
}

@article{arduino2,
	title={Arduino: A low-cost multipurpose lab equipment},
	author={Ausilio, Alessandro D},
	journal={Behavior Research Methods},
	volume={44},
	number={2},
	pages={305--313},
	year={2012}}

@misc{nodemcu,
	author = {A. Zait},
	title = {{NodeMCU} A Perfect Board for IoT},
	year = {2018},
	url = {https://www.circuito.io/blog/nodemcu-esp8266/},
	urldate = {2019-03-25}
}






